<?xml version="1.0" encoding="UTF-8"?><record xmlns="http://www.loc.gov/MARC21/slim" xmlns:cinclude="http://apache.org/cocoon/include/1.0" xmlns:zs="http://www.loc.gov/zing/srw/">
  <leader>00562cz  a2200157n  4500</leader>
  <controlfield tag="001">n  88228555 </controlfield>
  <controlfield tag="003">DLC</controlfield>
  <controlfield tag="005">20050720052101.0</controlfield>
  <controlfield tag="008">891106n| acannaabn          |a aaa      </controlfield>
  <datafield tag="010" ind1=" " ind2=" ">
    <subfield code="a">n  88228555 </subfield>
  </datafield>
  <datafield tag="035" ind1=" " ind2=" ">
    <subfield code="a">(OCoLC)oca02630619</subfield>
  </datafield>
  <datafield tag="040" ind1=" " ind2=" ">
    <subfield code="a">DLC</subfield>
    <subfield code="b">eng</subfield>
    <subfield code="c">DLC</subfield>
    <subfield code="d">OrU</subfield>
  </datafield>
  <datafield tag="100" ind1="1" ind2=" ">
    <subfield code="a">Reeve, T. Gilmour</subfield>
  </datafield>
  <datafield tag="400" ind1="1" ind2=" ">
    <subfield code="a">Reeve, Thomas Gilmour</subfield>
  </datafield>
  <datafield tag="670" ind1=" " ind2=" ">
    <subfield code="a">Stimulus-response compatibility, 1990:</subfield>
    <subfield code="b">CIP t.p. (T. Gilmour Reeve) galley (Auburn U.)</subfield>
  </datafield>
  <datafield tag="670" ind1=" " ind2=" ">
    <subfield code="a">Processing demands during the acquisition of motor skills ..., 1976:</subfield>
    <subfield code="b">t.p. (Thomas Gilmour Reeve) vita (b. Sept. 23, 1946)</subfield>
  </datafield>
</record>